<record><leader>00000cas a22000007a 4500</leader><controlfield tag="001">37901926</controlfield><controlfield tag="008">971106d19921992okudr n       0    0eng d</controlfield><datafield ind1=" " ind2=" " tag="010"><subfield code="a">sn 97070390 </subfield></datafield><datafield ind1=" " ind2=" " tag="040"><subfield code="a">OBN</subfield><subfield code="b">eng</subfield><subfield code="c">OBN</subfield><subfield code="d">OCLCQ</subfield></datafield><datafield ind1=" " ind2=" " tag="043"><subfield code="a">n-us-ok</subfield></datafield><datafield ind1="0" ind2=" " tag="130"><subfield code="a">Tahlequah neighbor (Tahlequah, Okla. : 1992)</subfield></datafield><datafield ind1="1" ind2="0" tag="245"><subfield code="a">Tahlequah neighbor.</subfield></datafield><datafield ind1=" " ind2=" " tag="260"><subfield code="a">Tahlequah, Okla. :</subfield><subfield code="b">Ron St. Clair</subfield></datafield><datafield ind1=" " ind2=" " tag="300"><subfield code="a">v.</subfield></datafield><datafield ind1=" " ind2=" " tag="310"><subfield code="a">Daily</subfield></datafield><datafield ind1="0" ind2=" " tag="362"><subfield code="a">Vol. 4, no. 66 (Apr. 2, 1992)-v. 4, no. 95 (May 13, 1992).</subfield></datafield><datafield ind1=" " ind2="0" tag="651"><subfield code="a">Tahlequah (Okla.)</subfield><subfield code="v">Newspapers.</subfield></datafield><datafield ind1=" " ind2="0" tag="651"><subfield code="a">Cherokee County (Okla.)</subfield><subfield code="v">Newspapers.</subfield></datafield><datafield ind1=" " ind2=" " tag="752"><subfield code="a">United States</subfield><subfield code="b">Oklahoma</subfield><subfield code="c">Cherokee</subfield><subfield code="d">Tahlequah.</subfield></datafield><datafield ind1="0" ind2="0" tag="780"><subfield code="t">Green country neighbor</subfield><subfield code="w">(DLC)sn 97070389</subfield><subfield code="w">(OCoLC)37901849</subfield></datafield><datafield ind1="0" ind2="0" tag="785"><subfield code="t">Tahlequah daily times-journal</subfield><subfield code="w">(DLC)sn 97070391</subfield><subfield code="w">(OCoLC)27723957</subfield></datafield></record>